@incollection{BBM-concur10,
   author = {Bouyer, Patricia and Brenguier, Romain and Markey, Nicolas}, 
   booktitle = {Proceedings of the 21st International Conference on Concurrency Theory (CONCUR'10)},
   pages = {192-206}, 
   publisher = {Springer}, 
   series = {Lecture Notes in Computer Science}, 
   title = {{N}ash Equilibria for Reachability Objectives in Multi-player Timed Games}, 
   volume = {6269}, 
   year = {2010}, 
}

@incollection{BBMU-fsttcs11,
   author = {Bouyer, Patricia and Brenguier, Romain and Markey, Nicolas and Ummels, Michael}, 
   booktitle = {Proceedings of the 31st Conference on Foundations of Software Technology and Theoretical Computer Science (FSTTCS'11)},
   pages = {375-386}, 
   publisher = {Leibniz-Zentrum f{\"u}r Informatik}, 
   series = {Leibniz International Proceedings in Informatics}, 
   title = {{N}ash Equilibria in Concurrent Games with {B}{\"u}chi Objectives},
   volume = {13}, 
   year = {2011}, 
}

@TechReport{BBM-report,
author = {Bouyer, Patricia and Brenguier, Romain and Markey, Nicolas},
title = {{N}ash Equilibria for Reachability Objectives in Multi-player Timed Games},
institution = {{E}{N}{S} {C}achan, {F}rance},
year = {2010},
type = {{R}esearch {R}eport {L}{S}{V}-10-12},
}

@phdthesis{Romain-phd,
   author = {Brenguier, Romain},
   school = {Laboratoire Sp{\'e}cification et V{\'e}rification, ENS Cachan, France}, 
   title = {{N}ash Equilibria in Concurrent Games - {A}pplication to Timed Games},
   year = {2012}, 
}

@article{Aumann-59,
  title={Acceptable points in general cooperative n-person games},
  author={Aumann, Robert J.},
  journal={Contributions to the Theory of Games IV, Annals of Mathematical Studies 40},
  pages={287--324},
  year={1959},
  publisher={Princeton University Press, Princeton},
}

@article{Bernheim-1987,
title = "Coalition-Proof {N}ash Equilibria I. Concepts ",
journal = "Journal of Economic Theory ",
volume = "42",
number = "1",
pages = "1 - 12",
year = "1987",
author = "B. Douglas Bernheim and Bezalel Peleg and Michael D. Whinston"
}

@article {Moreno-1996,
	author = "D. Moreno and J. Wooders",
	title = "Coalition-Proof Equilibrium",
	journal = "Games and Economic Behavior",
	volume = "17",
	number = "1",
	year = "1996",
	pages = "80-112",
}

@incollection{Abraham-2006,
 author = {Abraham, Ittai and Dolev, Danny and Gonen, Rica and Halpern, Joe},
 title = {Distributed computing meets game theory: robust mechanisms for rational secret sharing and multiparty computation},
 booktitle = {Proceedings of the 25th Annual ACM Symposium on Principles of Distributed Computing (PODC'06)},
 year = {2006},
 pages = {53--62},
 publisher = {ACM},
}

@incollection{Abraham-2008,
year={2008},
booktitle={Proceedings of the 5th Theory of Cryptography Conference},
volume={4948},
series={Lecture Notes in Computer Science},
title={Lower Bounds on Implementing Robust and Resilient Mediators},
publisher={Springer},
author={Abraham, Ittai and Dolev, Danny and Halpern, Joseph Y.},
pages={302-319},
}

@incollection{Halpern-2008,
 author = {Halpern, Joseph Y.},
 title = {{B}eyond {N}ash equilibrium: {S}olution concepts for the 21st century},
 booktitle = {Proceedings of the 27th ACM Symposium on Principles of Distributed Computing (PODC'08)},
 year = {2008},
 pages = {1--10},
 publisher = {ACM},
}

@incollection{Halpern-2011,
author = {Halpern, Joseph Y.},
title = {{B}eyond {N}ash equilibrium: {S}olution concepts for the 21st century},
booktitle = {Lectures in Game Theory for Computer Scientists},
pages = {264-289},
publisher = {Cambridge University Press},
year = {2011},
}

@article{1,
title = "A theory of timed automata ",
journal = "Theoretical Computer Science ",
volume = "126",
number = "2",
pages = "183 - 235",
year = "1994",
author = "Rajeev Alur and David L. Dill"
}

@article{12,
author = {Nash, John F.}, 
title = {Equilibrium points in n-person games},
volume = {36}, 
number = {1}, 
pages = {48-49}, 
year = {1950},
journal = {Proceedings of the National Academy of Sciences of the USA} 
}

@incollection{Ummels-2008,
     author = {Erich Gr{\"a}del and Michael Ummels},
     booktitle = {New Perspectives on Games and Interaction},
     pages = {151--178},
     publisher = {Amsterdam University Press},
     series = {Texts in Logic and Games},
     title = {Solution Concepts and Algorithms for Infinite Multiplayer Games},
     volume = {4},
     year = {2008},
}

@incollection{9,
 author = {Henzinger, Thomas A.},
 title = {Games in System Design and Verification},
 booktitle = {Proceedings of the 10th Conference on Theoretical Aspects of Rationality and Knowledge (TARK'05)},
 year = {2005},
 pages = {1--4},
 publisher = {National University of Singapore},
}

@incollection{6,
year={2004},
booktitle={Proceedings of the 13th EACSL Annual Conference on Computer Science Logic (CSL'04)},
volume={3210},
series={Lecture Notes in Computer Science},
title={On {N}ash Equilibria in Stochastic Games},
publisher={Springer},
author={Chatterjee, Krishnendu and Majumdar, Rupak and Jurdzi≈Ñski, Marcin},
pages={26-40},
}
