@incollection{
year={2010},
isbn={978-3-642-15374-7},
booktitle={CONCUR 2010 - Concurrency Theory},
volume={6269},
series={Lecture Notes in Computer Science},
editor={Gastin, Paul and Laroussinie, Fran√ßois},
doi={10.1007/978-3-642-15375-4_14},
title={Nash Equilibria for Reachability Objectives in Multi-player Timed Games},
url={http://dx.doi.org/10.1007/978-3-642-15375-4_14},
publisher={Springer Berlin Heidelberg},
author={Bouyer, Patricia and Brenguier, Romain and Markey, Nicolas},
pages={192-206}
}
