@incollection{
year={2004},
isbn={978-3-540-23024-3},
booktitle={Computer Science Logic},
volume={3210},
series={Lecture Notes in Computer Science},
editor={Marcinkowski, Jerzy and Tarlecki, Andrzej},
doi={10.1007/978-3-540-30124-0_6},
title={On Nash Equilibria in Stochastic Games},
url={http://dx.doi.org/10.1007/978-3-540-30124-0_6},
publisher={Springer Berlin Heidelberg},
author={Chatterjee, Krishnendu and Majumdar, Rupak and Jurdzi≈Ñski, Marcin},
pages={26-40}
}
