@inproceedings{BBM-concur10,
   address = {Paris, France}, 
   author = {Bouyer, Patricia and Brenguier, Romain and Markey, Nicolas}, 
   booktitle = {{P}roceedings of the 21st {I}nternational {C}onference on {C}oncurrency {T}heory ({CONCUR}'10)},
   month = aug # {-} # sep, 
   pages = {192-206}, 
   publisher = {Springer}, 
   series = {Lecture Notes in Computer Science}, 
   title = {{N}ash Equilibria for Reachability Objectives in Multi-player Timed Games}, 
   volume = {6269}, 
   year = {2010}, 
}
@inproceedings{BBMU-fsttcs11,
   address = {Mumbai, India}, 
   author = {Bouyer, Patricia and Brenguier, Romain and Markey, Nicolas and Ummels, Michael}, 
   booktitle = {{P}roceedings of the 31st {C}onference on {F}oundations of {S}oftware {T}echnology and {T}heoretical {C}omputer {S}cience ({FSTTCS}'11)},
   month = dec, 
   pages = {375-386}, 
   publisher = {Leibniz-Zentrum f{\"u}r Informatik}, 
   series = {Leibniz International Proceedings in Informatics}, 
   title = {{N}ash Equilibria in Concurrent Games with {B}{\"u}chi Objectives},
   volume = {13}, 
   year = {2011}, 
}
@TechReport{BBM-report,
author = {Bouyer, Patricia and Brenguier, Romain and Markey, Nicolas},
title = {{N}ash Equilibria for Reachability Objectives in Multi-player Timed Games},
institution = {{E}{N}{S} {C}achan, {F}rance},
year = {2010},
type = {{R}esearch {R}eport {L}{S}{V}-10-12},
}
@phdthesis{Romain-phd,
   author = {Brenguier, Romain}, 
   month = nov, 
   school = {Laboratoire Sp{\'e}cification et V{\'e}rification, ENS Cachan, France}, 
   title = {{N}ash Equilibria in Concurrent Games - {A}pplication to Timed Games},
   year = {2012}, 
}
@article{Aumann-59,
  title={Acceptable points in general cooperative n-person games},
  author={Aumann, Robert J.},
  journal={Contributions to the Theory of Games IV, Annals of Mathematical Studies 40},
  pages={287--324},
  year={1959},
  publisher={Princeton University Press, Princeton},
}
@article{Bernheim-1987,
title = "Coalition-Proof {N}ash Equilibria I. Concepts ",
journal = "Journal of Economic Theory ",
volume = "42",
number = "1",
pages = "1 - 12",
year = "1987",
author = "B. Douglas Bernheim and Bezalel Peleg and Michael D. Whinston"
}
@article {Moreno-1996,
	author = "D. Moreno and J. Wooders",
	title = "Coalition-Proof Equilibrium",
	journal = "Games and Economic Behavior",
	volume = "17",
	number = "1",
	year = "1996",
	pages = "80-112",
}
@inproceedings{Abraham-2006,
 author = {Abraham, Ittai and Dolev, Danny and Gonen, Rica and Halpern, Joe},
 title = {Distributed computing meets game theory: robust mechanisms for rational secret sharing and multiparty computation},
 booktitle = {Proceedings of the 25th Annual ACM Symposium on Principles of Distributed Computing},
 series = {PODC '06},
 year = {2006},
 location = {Denver, Colorado, USA},
 pages = {53--62},
 publisher = {ACM},
 address = {Denver, Colorado, USA},
}
@inproceedings{Abraham-2008,
year={2008},
booktitle={Proceedings of the 5th Theory of Cryptography Conference},
volume={4948},
series={Lecture Notes in Computer Science},
title={Lower Bounds on Implementing Robust and Resilient Mediators},
publisher={Springer},
author={Abraham, Ittai and Dolev, Danny and Halpern, Joseph Y.},
pages={302-319},
address = {New York, USA},
}
@inproceedings{Halpern-2008,
 author = {Halpern, Joseph Y.},
 title = {{B}eyond {N}ash equilibrium: {S}olution concepts for the 21st century},
 booktitle = {Proceedings of the 27th ACM Symposium on Principles of Distributed Computing},
 series = {PODC '08},
 year = {2008},
 location = {Toronto, Canada},
 pages = {1--10},
 publisher = {ACM},
 address = {Toronto, Canada},
}
@InCollection{Halpern-2011,
author = {Halpern, Joseph Y.},
title = {{B}eyond {N}ash equilibrium: {S}olution concepts for the 21st century},
booktitle = {Lectures in Game Theory for Computer Scientists},
pages = {264-289},
publisher = {Cambridge University Press},
year = {2011},
editor = {Apt, Krzysztof R. and Gr{\"a}del, Erich},
}
@article{1,
title = "A theory of timed automata ",
journal = "Theoretical Computer Science ",
volume = "126",
number = "2",
pages = "183 - 235",
year = "1994",
author = "Rajeev Alur and David L. Dill"
}
@article{12,
author = {Nash, John F.}, 
title = {Equilibrium points in n-person games},
volume = {36}, 
number = {1}, 
pages = {48-49}, 
year = {1950},
journal = {Proceedings of the National Academy of Sciences} 
}
@InCollection{Ummels-2008,
     author = {Erich Gr{\"a}del and Michael Ummels},
     booktitle = {New Perspectives on Games and Interaction},
     pages = {151--178},
     publisher = {Amsterdam University Press},
     series = {Texts in Logic and Games},
     title = {Solution Concepts and Algorithms for Infinite Multiplayer Games},
     volume = {4},
     year = {2008},
     editor = {Apt, Krzysztof R. and Rooij, Robert Van},
}

@inproceedings{9,
 author = {Henzinger, Thomas A.},
 title = {Games in System Design and Verification},
 booktitle = {Proceedings of the 10th Conference on Theoretical Aspects of Rationality and Knowledge},
 series = {TARK '05},
 year = {2005},
 location = {Singapore},
 pages = {1--4},
 publisher = {National University of Singapore},
 address = {Singapore},
} 

@incollection{6,
year={2004},
isbn={978-3-540-23024-3},
booktitle={Computer Science Logic},
volume={3210},
series={Lecture Notes in Computer Science},
editor={Marcinkowski, Jerzy and Tarlecki, Andrzej},
doi={10.1007/978-3-540-30124-0_6},
title={On Nash Equilibria in Stochastic Games},
url={http://dx.doi.org/10.1007/978-3-540-30124-0_6},
publisher={Springer Berlin Heidelberg},
author={Chatterjee, Krishnendu and Majumdar, Rupak and Jurdzi≈Ñski, Marcin},
pages={26-40}
}
